@misc{ MenderDocs,
	note = "\href{https://docs.mender.io/2.2}{Link}",
	title = "Mender Documentation V2.2"
}

@misc{ oe-index,
	note = "\href{https://layers.openembedded.org/layerindex/branch/master/layers/}{Link}",
	title = "OpenEmbedded Layer Index"
}

@misc{ yocto-home,
	note = "\href{https://www.yoctoproject.org/}{Link}",
	title = "Yocto project home page"
}

